<record><leader>00000cas a2200000 a 4500</leader><controlfield tag="001">8807971</controlfield><controlfield tag="008">820925d18611861gaudn ne      0    0eng  </controlfield><controlfield tag="009">466</controlfield><datafield ind1=" " ind2=" " tag="010"><subfield code="a">sn 82015427 </subfield></datafield><datafield ind1=" " ind2=" " tag="040"><subfield code="a">DLC</subfield><subfield code="b">eng</subfield><subfield code="c">DLC</subfield><subfield code="d">NPX</subfield><subfield code="d">NPH</subfield><subfield code="d">OCL</subfield><subfield code="d">NLG</subfield><subfield code="d">MFN</subfield><subfield code="d">KNP</subfield><subfield code="d">NVF</subfield><subfield code="d">MGN</subfield><subfield code="d">NVF</subfield><subfield code="d">OBN</subfield><subfield code="d">DLC</subfield><subfield code="d">HLS</subfield><subfield code="d">OCL</subfield><subfield code="d">GUA</subfield><subfield code="d">DLC</subfield><subfield code="d">GUA</subfield><subfield code="d">OCLCF</subfield></datafield><datafield ind1=" " ind2=" " tag="012"><subfield code="b">3</subfield></datafield><datafield ind1=" " ind2=" " tag="019"><subfield code="a">2251643</subfield></datafield><datafield ind1="1" ind2=" " tag="029"><subfield code="a">AU@</subfield><subfield code="b">000002967831</subfield></datafield><datafield ind1=" " ind2=" " tag="042"><subfield code="a">msc</subfield></datafield><datafield ind1=" " ind2=" " tag="043"><subfield code="a">n-us-ga</subfield></datafield><datafield ind1="0" ind2="0" tag="050"><subfield code="a">Newspaper</subfield></datafield><datafield ind1="0" ind2="0" tag="245"><subfield code="a">Gate-city guardian.</subfield></datafield><datafield ind1="2" ind2=" " tag="246"><subfield code="a">Gate city guardian</subfield></datafield><datafield ind1=" " ind2=" " tag="260"><subfield code="a">Atlanta, Ga. :</subfield><subfield code="b">Hanleiter &amp; Adair,</subfield><subfield code="c">1861.</subfield></datafield><datafield ind1=" " ind2=" " tag="300"><subfield code="a">v.</subfield></datafield><datafield ind1=" " ind2=" " tag="310"><subfield code="a">Daily (except Sunday)</subfield></datafield><datafield ind1="0" ind2=" " tag="362"><subfield code="a">New ser., v. 1, no. 1 (Feb. 12, 1861)-new ser., v. 1, no. 16 (Mar. 2, 1861).</subfield></datafield><datafield ind1=" " ind2=" " tag="530"><subfield code="a">Also on microfilm: Athens, Ga. : University of Georgia Libraries, and online.</subfield></datafield><datafield ind1=" " ind2="0" tag="651"><subfield code="a">Atlanta (Ga.)</subfield><subfield code="v">Newspapers.</subfield></datafield><datafield ind1=" " ind2="0" tag="651"><subfield code="a">Fulton County (Ga.)</subfield><subfield code="v">Newspapers.</subfield></datafield><datafield ind1=" " ind2="7" tag="655"><subfield code="a">Newspapers.</subfield><subfield code="2">fast</subfield><subfield code="0">(OCoLC)fst01423814</subfield></datafield><datafield ind1=" " ind2="7" tag="651"><subfield code="a">Georgia</subfield><subfield code="z">Atlanta.</subfield><subfield code="2">fast</subfield><subfield code="0">(OCoLC)fst01204627</subfield></datafield><datafield ind1=" " ind2="7" tag="651"><subfield code="a">Georgia</subfield><subfield code="z">Fulton County.</subfield><subfield code="2">fast</subfield><subfield code="0">(OCoLC)fst01211153</subfield></datafield><datafield ind1=" " ind2=" " tag="752"><subfield code="a">United States</subfield><subfield code="b">Georgia</subfield><subfield code="c">Fulton</subfield><subfield code="d">Atlanta.</subfield></datafield><datafield ind1="0" ind2=" " tag="775"><subfield code="t">Southern confederacy (Atlanta, Ga. : 1859 : Weekly)</subfield><subfield code="w">(DLC)sn 86053164</subfield><subfield code="w">(OCoLC)2267941</subfield></datafield><datafield ind1="1" ind2=" " tag="776"><subfield code="t">Gate-city guardian</subfield><subfield code="w">(DLC)  2010233010</subfield><subfield code="w">(OCoLC)608781764</subfield></datafield><datafield ind1="0" ind2="0" tag="780"><subfield code="t">National American (Atlanta, Ga.)</subfield><subfield code="w">(DLC)sn 90052374</subfield><subfield code="w">(OCoLC)21477554</subfield></datafield><datafield ind1="0" ind2="5" tag="780"><subfield code="t">Southern confederacy (Atlanta, Ga. : 1859 : Daily)</subfield><subfield code="g">1861</subfield><subfield code="w">(DLC)sn 82014676</subfield><subfield code="w">(OCoLC)8807243</subfield></datafield><datafield ind1="0" ind2="0" tag="785"><subfield code="t">Southern confederacy (Atlanta, Ga. : 1861 : Daily)</subfield><subfield code="w">(DLC)sn 82014677</subfield><subfield code="w">(OCoLC)8807259</subfield></datafield></record>